@BOOK{Fano1961,
  title = {Transmission of Information: A Statistical Theory of Communications},
  publisher = {MIT Press},
  year = {1961},
  author = {Robert M. Fano},
  address = {New York},
  owner = {pierre},
}

@ARTICLE{Kullback1951,
  author = {Solomon Kullback and Richard A. Leibler},
  title = {On information and sufficiency},
  journal = {Annals of Mathematical Statistics},
  year = {1951},
  volume = {22},
  number = {1},
  pages = {79–86},
  owner = {pierre},
}

@BOOK{Laplace1820,
  title = {Théorie analytique des probabilités},
  publisher = {Coursier},
  year = {1820},
  author = {{Pierre-Simon de} Laplace},
  address = {Paris},
  edition = {3e},
  owner = {pierre},
  }

@book{nugues2014,
  author = {Pierre M. Nugues},
  title ={Language Processing with Perl and Prolog. An Outline of Theories, Implementation, and Application},
  year ={2014},
  edition = {second},
  month = {August},
  OPTeditor ={},
  OPTvolume ={},
  OPTnumber ={},
  OPTseries ={},
  address = {Berlin Heidelberg New York},
  publisher = {Springer Verlag},
  note ={},
  OPTannote ={}
}

@book{nugues2006,
  author = {Pierre M. Nugues},
  title ={An Introduction to Language Processing with Perl and Prolog. An Outline of Theories, Implementation, and Application with Special Consideration of English, French, and German},
  year ={2006},
  OPTeditor ={},
  OPTvolume ={},
  OPTnumber ={},
  OPTseries ={},
  address = {Berlin Heidelberg New York},
  publisher = {Springer Verlag},
  note ={},
  OPTannote ={}
}

@ARTICLE{Shannon1948,
  author = {Claude E. Shannon},
  title = {A mathematical theory of communication},
  journal = {Bell System Technical Journal},
  year = {1948},
  volume = {27},
  pages = {398-403 and 623-656},
  owner = {pierre},
}

  
